

@article{SAGsheaves,
 title = {Sheaves}, 
 author = {{Moeneclay, Hugo}},
 year = {2024},
 url = {www.felix-cherubini.de/sheaves.pdf},
 publisher = {Springer}
 }

@article{geomstacks,
	title = {Higher Geometric Stacks in SAG}, 
	author = {{Tim Lichtnau}},
	year = {2024},
	url = {https://raw.githubusercontent.com/timlichtnau/MasterThesis/Main/main.pdf},
}
@misc{simpson1996algebraicgeometricnstacks,
      title={Algebraic (geometric) $n$-stacks}, 
      author={Carlos Simpson},
      year={1996},
      eprint={alg-geom/9609014},
      archivePrefix={arXiv},
      primaryClass={alg-geom},
      url={https://arxiv.org/abs/alg-geom/9609014}, 
}
@misc{SAGtopology,
	title ={Topology in SAG},
	author={Moeneclay, Hugo ; Felix Wellen},
	url = {felix-cherubini.de/topology.pdf}}
@misc{cherubini2023foundationsyntheticalgebraicgeometry,
      title={A Foundation for Synthetic Algebraic Geometry}, 
      author={Felix Cherubini and Thierry Coquand and Matthias Hutzler},
      year={2023},
      eprint={2307.00073},
      archivePrefix={arXiv},
      primaryClass={math.AG},
      url={https://arxiv.org/abs/2307.00073}, 
}
@misc{SAGmoeneclay,
    title = {Synthetic Differential Geometry},
    author={Moeneclay, Hugo},
    url={https://hott-uf.github.io/2024/abstracts/HoTTUF_2024_paper_11.pdf},
    year = {2024},
    note = {HoTTUF 2024}
}
@article{Modalities,
	title      = {Modalities in homotopy type theory},
	author     = {Egbert Rijke and Michael Shulman and Bas Spitters},
	url        = {https://lmcs.episciences.org/3826},
	doi        = {10.23638/LMCS-16(1:2)2020},
	journal    = {Logical Methods in Computer Science},
	issn       = {1860-5974},
	volume     = {Volume 16, Issue 1},
	eid        = 2,
	year       = {2020},
	month      = {Jan},
	keywords   = {Mathematics - Category Theory, Computer Science - Logic in Computer Science, Mathematics - Logic, F.3.1, F.4.1, F.3.1, F.4.1},
}

@book{LurHTT,
        title   = "Higher Topos Theory",
        author  = "Lurie, Jacob",
        year    = 2009,
        publisher="volume 170 of Annals of Mathematics Studies. Princeton
                    University Press",
        adress="Princeton, NJ"
        }
@book{Land,
    author = {{Land, Markus}},
    title = {Introduction to Infinity-Categories},
    doi  ={https://doi.org/10.1007/978-3-030-61524-6},
    publisher = {{Birkh√§user Cham}},
    year = 2021
    }        
@misc{Nardin,
    author = {{Nardin, Denis}},
    title = {Suspensions are $H$-cogroup objects},
    url={https://mathoverflow.net/questions/299662/suspensions-are-h-cogroup-objects},
    year = 2018
    }
@misc{JoyalNotes,
    author = {{Joyal,Andr\'{e}}},
    title = {Notes on Quasi-categories},
    howpublished = {\url{https://math.uchicago.edu/~may/IMA/Joyal.pdf}},
    publisher={University of Chicago},
    year = 2008
    }
@book{LurHA,
        title   = "Higher Algebra",
        author  = "Lurie, Jacob",
        year    = 2011,
        publisher="Preprint"
        }        
@book{boardman,
  title={Homotopy Invariant Algebraic Structures on Topological Spaces},
  author={Boardman, J.M. and Vogt, R.M.},
  isbn={9783540064794},
  lccn={73013427},
  series={Lecture Notes in Mathematics},
  %url={https://books.google.de/books?id=Sz5yQwAACAAJ},
  year={1973},
  publisher={Springer Berlin Heidelberg}
}
        
@article{Brown,
 ISSN = {0003486X},
 URL = {http://www.jstor.org/stable/1970209},
 author = {Edgar H. Brown},
 journal = {Annals of Mathematics},
 number = {3},
 pages = {467--484},
 publisher = {Annals of Mathematics},
 title = {Cohomology Theories},
 urldate = {2022-06-08},
 volume = {75},
 year = {1962}
}
 @book{lawvere_1975, place={Chicago (Usa)}, title={An elementary theory of the category of Sets}, publisher={Depart. Nt Of Math. Cs Un. Ty Of Chicago P.}, author={Lawvere, F. William}, year={1975}} 
%[44] Joyal, A. Theory of quasi-categories I. In preparation.
@article{Jardine,
  title={Representability theorems for presheaves of spectra},
  author={John F. Jardine},
  journal={Journal of Pure and Applied Algebra},
  year={2011},
  volume={215},
  pages={77-88}
}
@article{JoyalLift,
  title={Quasicategories and Kan complexes},
  author={Joyal, Andr\'{e}},
  journal={Journal of Pure and Applied Algebra},
  year={2002},
  volume={175},
  pages={207-222}
}
@article{Newman,
 ISSN = {08940347, 10886834},
 URL = {http://www.jstor.org/stable/2152846},
 abstract = {Grothendieck proved that if $f: X \longrightarrow Y$ is a proper morphism of nice schemes, then Rf* has a right adjoint, which is given as tensor product with the relative canonical bundle. The original proof was by patching local data. Deligne proved the existence of the adjoint by a global argument, and Verdier showed that this global adjoint may be computed locally. In this article we show that the existence of the adjoint is an immediate consequence of Brown's representability theorem. 1It follows almost as immediately, by "smashing" arguments, that the adjoint is given by tensor product with a dualising complex. Verdier's base change theorem is an easy consequence.},
 author = {Amnon Neeman},
 journal = {Journal of the American Mathematical Society},
 number = {1},
 pages = {205--236},
 publisher = {American Mathematical Society},
 title = {The Grothendieck Duality Theorem Via Bousfield's Techniques and Brown Representability},
 urldate = {2022-06-08},
 volume = {9},
 year = {1996}
}
@book{Riehl,
      title     = "Category theory in context",
      author    = "Riehl, Emily",
      year      = 2016,
      publisher = "Dover Publications",
      address   = "Mineola, New York"
    }
@misc{kerodon,
  author       = {Jacob Lurie},
  title        = {Kerodon},
  howpublished = {\url{https://kerodon.net}},
  year         = {2022},
}

@misc{Lippert,
  author = {{Lippert, Jonas}},
  title = {{Natuerliche Formalisierung der Kategorientheorie}},
  howpublished = {\url{https://github.com/jonaslippert/Bachelor-thesis/blob/main/Arbeit/Arbeit.pdf}},
  month = {April},
  year = 2021
}
@book{maclane:71,
  added-at = {2009-09-18T21:22:09.000+0200},
  address = {New York},
  author = {MacLane, Saunders},
  biburl = {https://www.bibsonomy.org/bibtex/29e8ca8b4bf357cc41e40e98cca25cb8c/minas},
  interhash = {51566d046db4c3ea930c2b5ca79173f1},
  intrahash = {9e8ca8b4bf357cc41e40e98cca25cb8c},
  keywords = {CategoryTheory},
  mrclass = {18-02},
  mrnumber = {MR0354798 (50 \#7275)},
  mrreviewer = {H.-B. Brinkmann},
  note = {Graduate Texts in Mathematics, Vol. 5},
  publisher = {Springer-Verlag},
  timestamp = {2009-09-18T21:22:09.000+0200},
  title = {Categories for the Working Mathematician},
  year = 1971
}
@misc{Heller,
    author = {{Heller, Alex}},
    title = {{On the Representability of Homotopy Functors}},
    publisher = {{Journal of the London Mathematical Society}},
    year = 1981,
    doi = {10.1112/jlms/s2-23.3.551},
    pages = {{551-562}}
}

@misc{Hebestreit,
    doi = {arXiv:2011.09345},
    url = {https://arxiv.org/abs/2011.09345},
    author = {Hebestreit, Fabian},
    year = {2011},
    title = {Mapping Spaces in homotopy coherent nerves}
}
@misc{Groth,
  doi = {10.48550/ARXIV.1007.2925},
  
  url = {https://arxiv.org/abs/1007.2925},
  
  author = {Groth, Moritz},
  
  keywords = {Algebraic Topology (math.AT), Algebraic Geometry (math.AG), Category Theory (math.CT), FOS: Mathematics, FOS: Mathematics},
  
  title = {A short course on $\infty$-categories},
  
  publisher = {arXiv},
  
  year = {2010},
  
  copyright = {arXiv.org perpetual, non-exclusive license}
}
@book{Strom,
    author = {{Strom, Jeffrey}},
    title = {{Modern Classical Homotopy Theory}},
    publisher  = {American Mathematical Society},
    year = 2011
    }
@misc{Lichtnau,
    author = {{Lichtnau, Tim}},
    title = {{Euclids Theorem}},
    howpublished ={\\ \url{https://github.com/naproche/FLib/tree/master/NumberTheory}} ,
    month = {June},
    year = 2021
}
@book{goessjardine,
title = "Simplicial Homotopy Theory: Progress in Mathematics 174",
author = "P.G. Goess and J.F. Jardine and Goerss, {Paul G}",
year = "1999",
language = "English",
publisher = "Birkhauser",
}
@book{joyal,
    author = {{Joyal, Andr\'{e}}, {Tierney, Myles}},
    title = {{An Introduction to Simplicial Homotopy Theory}},
    publisher = {{Universit\'{e} du Qu\'{e}bec \`{a} Montr\'{e}al},Rutgers University},
    year = 1999
}
@misc{Tooltip, 
    howpublished={\url{https://tex.stackexchange.com/questions/155518/tooltip-that-works-with-all-pdf-readers/164186#164186} }
    }
    
@article{Glushkov,
 title = {Some problems in the theory of automata and artificial intelligence}, 
 author = {{Victor Glushkov}},
 journal = {{Cybernetics and System Analysis}},
 pages = {17-27},
 year = {1970},
 publisher = {Springer}}


@phdthesis{Paskevich,
  title={M{\'e}thodes de formalisation des connaissances et des raisonnements math{\'e}matiques: aspects appliqu{\'e}s et th{\'e}oriques},
  author={Paskevich, Andrei},
  year={2007},
  school={Universit{\'e} Paris 12}
}

@phdthesis{Cramer,
  title={{Proof-checking mathematical texts in
controlled natural language}},
  author={Marcos Cramer},
  year={2013},
  school={University of Bonn}
}
@book{Bousfield,
    AUTHOR = "Bousfield, A. K. and Kan, D. M.",
    TITLE = "Homotopy limits, completions and localizations",
    SERIES = "Lecture Notes in Mathematics, Vol. 304",
    PUBLISHER = "Springer-Verlag, Berlin-New York",
    YEAR = "1972",
    PAGES = "v+348",
    MRCLASS = "55J05",
    MRNUMBER = "0365573",
    MRREVIEWER = "Harold Hastings"
}
@book{CP86,
      title = "Vogt's theorem on categories of homotopy coherent diagrams",
      year  = 1986,
      publisher = "Math. Proc. Cambridge Phiols. Soc.",
      pages = {65-90}, 
      author = "J.-. Cordier and T. Porter"
    }

@book{aluffi,
  title={Algebra: Chapter 0},
  author={Aluffi, P.},
  isbn={9780821847817},
  lccn={2009004043},
  series={Graduate studies in mathematics},
  year={2009},
  publisher={American Mathematical Society}
}
@incollection{Selinger_2010,
	doi = {10.1007/978-3-642-12821-9_4},
  
	url = {https://doi.org/10.1007%2F978-3-642-12821-9_4},
  
	year = 2010,
	publisher = {Springer Berlin Heidelberg},
  
	pages = {289--355},
  
	author = {P. Selinger},
  
	title = {A Survey of Graphical Languages for Monoidal Categories},
  
	booktitle = {New Structures for Physics}
}
@journal{becker74 , 
    
author = {Becker, J. C. , Schultz, R. E.},
year = {1974},
title = {Equivariant function spaces and stable homotopy theory I},
journal = {Commentarii Mathematici Helvetici}}
